@online{web:fbNewHomePage,
	author = "{The Facebook Blog}",
	title = "Welcome to Your New Home Page",
	url = "https://blog.facebook.com/blog.php?post=59195087130",
	month = mar,
	year = 2009,
}

@online{web:fbNewNavigation,
	author = "{The Facebook Blog}",
	title = "Introducing Your New Navigation",
	url = "https://blog.facebook.com/blog.php?post=287459122130",
	month = feb,
	year = 2010,
}

@online{web:fbNewTimeline,
	author = "{The Facebook Blog}",
	title = "Timeline: Now Available Worldwide",
	url = "https://blog.facebook.com/blog.php?post=10150408488962131",
	month = dec,
	year = 2011,
}

@online{web:fbNewMessages,
	author = "{The Facebook Blog}",
	title = "See the Messages that Matter",
	url = "https://blog.facebook.com/blog.php?post=452288242130",
	month = feb,
	year = 2011,
}

@online{web:fbGraphApi,
	author = "{Facebook developers}",
	title = "Graph API",
	url = "https://developers.facebook.com/docs/reference/api/",
	month = apr,
	year = 2013,
}

@online{web:operaMovesToWebkit,
	author = "{Opera Developer News}",
	title = "300 million users and move to WebKit",
	url = "http://my.opera.com/ODIN/blog/300-million-users-and-move-to-webkit",
	month = feb,
	year = 2013,
}

@online{web:chromiumBlink,
	author = "{The Chromium Blog}",
	title = "Blink: A rendering engine for the Chromium project",
	url = "http://blog.chromium.org/2013/04/blink-rendering-engine-for-chromium.html",
	month = apr,
	year = 2013,
}

@online{web:fbTimelineImprovements,
	author = "{Facebook Newsroom}",
	title = "Improvements to Timeline",
	url = "http://newsroom.fb.com/News/584/Improvements-to-Timeline",
	month = mar,
	year = 2013,
}

@online{web:fbEventsLimit,
	author = "{Inside Facebook}",
	title = "Facebook puts limits on event invites",
	url = "http://www.insidefacebook.com/2013/04/09/facebook-puts-limits-on-event-invites/",
	month = apr,
	year = 2013,
}

@online{web:fbEventsLimitHelpCenter,
	author = "{Facebook help center}",
	title = "How many people can I invite to an event?",
	url = "https://www.facebook.com/help/202545109787461/",
	year = 2013,
}

@online{web:fbLikeBox,
	author = "{Facebook developers}",
	title = "Like Box",
	url = "https://developers.facebook.com/docs/reference/plugins/like-box/",
	month = apr,
	year = 2013,
}

@online{web:fbMonthlyActiveUsers,
	author = "{Facebook Investor Relations}",
	title = "Facebook Reports First Quarter 2013 Results",
	url = "http://investor.fb.com/releasedetail.cfm?ReleaseID=761090",
	month = may,
	year = 2013,
}

@online{web:socialbotNetwork,
	author = "{Yazan Boshmaf, Ildar Muslukhov, Konstantin Beznosov, Matei Ripeanu}",
	title = "The Socialbot Network: When Bots Socialize for Fame and Money",
	url = "http://www.acsac.org/2011/openconf/modules/request.php?module=oc_program&action=summary.php&id=175",
	month = dec,
	year = 2011,
}

@online{web:fbCzechUsers,
	author = "{effectix.com}",
	title = "STATISTIKY SOCIÁLNÍCH SÍTÍ",
	url = "http://www.doba-webova.com/cs/statistiky-pro-socialni-sit",
	year = 2013,
}




