@misc{web:oa,
  author = {Matt Powel},
  title = {{The Canterbury Corpus}},
  url = {http://corpus.canterbury.ac.nz/index.html},
  type = {web page},
  month = {{November}},
  year = {{2001}},
  note = "[Cited 2011-10-12]"
}

@online{web:nist-cloud,
  author = "{National Institute of Standards and Technology}",
  title = "National Institute of Standards and Technology - definice term√≠nu: cloud computing",
  cited = "27.\,5.\,2011",
  year = 2011,
  url = "http://www.nist.gov/itl/cloud/index.cfm",
}
